


@BOOK{
  MPT,
  AUTHOR="Shashi Prasad",
  TITLE="Mutlithreading Programming Techniques",
  PUBLISHER="McGras-Hill",
  YEAR=1997,
  NOTE="ISBN 0201379279"
}

@MANUAL {
  SGI-STL,
  TITLE="Standart Template Library Programmers Guide",
  AUTHOR="Silicon Graphics Computer System, inc; Hewlett-Packard company",
  NOTE="http://www.sgi.com/Technology/STL/",
  YEAR=1999
}

@MANUAL {
  CPT-FAQ,
  TITLE="COMP.PROGRAMMING.THREADS FAQ",
  AUTHOR="Bil Lewis",
  NOTE="http://www.lambdaCS.com/newsgroup/FAQ.html",
  YEAR=2000
}

@MANUAL {
  AD,
  TITLE="GradSoft C++ ToolBox: Administration Guide",
  AUTHOR="GradSoft, Kiev, Ukraine",
  NOTE="GradSoft-AD-e-04.09.2000-vC",
  YEAR="2000,2001"
}

@MANUAL {
  CPP-std,
  TITLE="International Standard ISO/IEC 14882. Programming Languages - C++",
  AUTHOR="ANSI",
  NOTE="ISO/IEC 14882:1998(E)",
  YEAR="1998"
}

@MANUAL {
  Harvey,
  TITLE="Smart pointer templates in C++",
  AUTHOR="David Harvey",
  NOTE="http://web.ftech.net/~honeyg/articles/smartp.htm",
  YEAR=1996
}
