


@BOOK{
  MPT,
  AUTHOR="Shashi Prasad",
  TITLE="Mutlithreading Programming Techniques",
  PUBLISHER="McGras-Hill",
  YEAR=1997,
  NOTE="ISBN 0201379279"
}

@MANUAL {
  SGI-STL,
  TITLE="Standart Template Library Programmers Guide",
  AUTHOR="Silicon Graphics Computer System, inc; Hewlett-Packard company",
  NOTE="http://www.sgi.com/Technology/STL/",
  YEAR=1999
}

@MANUAL {
  CPT-FAQ,
  TITLE="COMP.PROGRAMMING.THREADS FAQ",
  AUTHOR="Bil Lewis",
  NOTE="http://www.lambdaCS.com/newsgroup/FAQ.html",
  YEAR=2000
}

@MANUAL {
  AD,
  TITLE="GradSoft C++ ToolBox: Administration Guide",
  AUTHOR="GradSoft, Kiev, Ukraine",
  NOTE="GradSoft-AD-e-04.09.2000-vC",
  YEAR="2000,2001"
}

@MANUAL {
  ptrs,
  TITLE="GradSoft C++ ToolBox: ptrs: Programming Guide",
  AUTHOR="GradSoft, Kiev, Ukraine",
  NOTE="GradSoft-PR-e-07.02.2002-vC",
  YEAR="2002"
}

@ARTICLE {
  PLPD-1996,
  TITLE="Double Checked Locking: An Optimization Pattern for Efficienty Initializuing and Accessing Thread-safe Objects",
  AUTHOR="Douglas Schmidt and Tim Harrison",
  JOURNAL="3-rd anual Pattern Languages of Program Design Conference",
  YEAR=1996,
  NOTE="aviable online at http://www.cs.wustl.edu/~schmidt/patterns-ace.html"
}

@MANUAL {
  DCL-BROKEN,
  TITLE="The 'Double Checked Locking is Broken' Declaration",
  AUTHOR="David Bacon, Joshua Bloch, Jeff Bogda, Cliff Click, Paul Haahr, Doug Lea, Tom May, Jan-Willem Maessen, John D. Mitchell,  Kelvin Nilsen, Bill Pugh, Emin Gun Sirer",
  YEAR=1999,
  NOTE="aviable online at http://www.cs.wustl.edu/~pugh/java/memoryModel/DoubleCheckedLocking.html"
}
